<marc:record xmlns:marc="http://www.loc.gov/MARC21/slim" xmlns:xsi="http://www.w3.org/2001/XMLSchema-instance" xsi:schemaLocation="http://www.loc.gov/MARC21/slim http://www.loc.gov/standards/marcxml/schema/MARC21slim.xsd">
  <marc:leader>     nam a2200337 a 4500</marc:leader>
  <marc:controlfield tag="001">001585913</marc:controlfield>
  <marc:controlfield tag="003">NNU</marc:controlfield>
  <marc:controlfield tag="005">20061010170922.0</marc:controlfield>
  <marc:controlfield tag="008">000203m19361938ua            000 0 ara d</marc:controlfield>
  <marc:datafield tag="035" ind1="9" ind2=" ">
    <marc:subfield code="a">NYUb12094567</marc:subfield>
  </marc:datafield>
  <marc:datafield tag="035" ind1=" " ind2=" ">
    <marc:subfield code="a">(CStRLIN)NYUG00-B392</marc:subfield>
  </marc:datafield>
  <marc:datafield tag="040" ind1=" " ind2=" ">
    <marc:subfield code="a">MiU</marc:subfield>
    <marc:subfield code="c">MiU</marc:subfield>
    <marc:subfield code="d">MH</marc:subfield>
    <marc:subfield code="d">CStRLIN</marc:subfield>
    <marc:subfield code="d">NNU</marc:subfield>
  </marc:datafield>
  <marc:datafield tag="050" ind1=" " ind2="4">
    <marc:subfield code="a">PJ7521</marc:subfield>
    <marc:subfield code="b">.Y3 1936</marc:subfield>
  </marc:datafield>
  <marc:datafield tag="066" ind1=" " ind2=" ">
    <marc:subfield code="c">(3</marc:subfield>
  </marc:datafield>
  <marc:datafield tag="090" ind1=" " ind2=" ">
    <marc:subfield code="a">PJ7521</marc:subfield>
    <marc:subfield code="b">.Y3 1936</marc:subfield>
  </marc:datafield>
  <marc:datafield tag="100" ind1="0" ind2=" ">
    <marc:subfield code="a">Yāqūt ibn ʻAbd Allāh al-Ḥamawī,</marc:subfield>
    <marc:subfield code="d">1179?-1229</marc:subfield>
    <marc:subfield code="6">01</marc:subfield>
  </marc:datafield>
  <marc:datafield tag="100" ind1=" " ind2=" ">
    <marc:subfield code="6">01</marc:subfield>
    <marc:subfield code="a">ياقوت بن عبد الله الحموي.</marc:subfield>
  </marc:datafield>
  <marc:datafield tag="245" ind1="1" ind2="0">
    <marc:subfield code="6">02</marc:subfield>
    <marc:subfield code="a">Muʻjam al-udabāʼ /</marc:subfield>
    <marc:subfield code="c">li-Yāqūt ; rājaʻathu Wizārat al-Maʻārif al-ʻUmūmīyah ; [taḥrīr] Aḥmad Farīd Rifāʻī.</marc:subfield>
  </marc:datafield>
  <marc:datafield tag="245" ind1="1" ind2="0">
    <marc:subfield code="6">02</marc:subfield>
    <marc:subfield code="a">معجم الأدباء /</marc:subfield>
    <marc:subfield code="c">لياقوت ؛ راجعته وزارة المعارف العمومية ؛ [تحرير] أحمد فريد رفاعي.</marc:subfield>
  </marc:datafield>
  <marc:datafield tag="260" ind1=" " ind2=" ">
    <marc:subfield code="6">03</marc:subfield>
    <marc:subfield code="a">Miṣr :</marc:subfield>
    <marc:subfield code="b">ʻĪsá al-Bābī al-Ḥalabī,</marc:subfield>
    <marc:subfield code="c">[1936-38]</marc:subfield>
  </marc:datafield>
  <marc:datafield tag="260" ind1=" " ind2=" ">
    <marc:subfield code="6">03</marc:subfield>
    <marc:subfield code="a">مصر :</marc:subfield>
    <marc:subfield code="b">عيسى البابي الحلبي،</marc:subfield>
    <marc:subfield code="c">[1936-38]</marc:subfield>
  </marc:datafield>
  <marc:datafield tag="300" ind1=" " ind2=" ">
    <marc:subfield code="a">20 v. in 10. ;</marc:subfield>
    <marc:subfield code="c">24 cm.</marc:subfield>
  </marc:datafield>
  <marc:datafield tag="490" ind1="1" ind2=" ">
    <marc:subfield code="6">04</marc:subfield>
    <marc:subfield code="a">Silsilat al-mawsūʻāt al-ʻArabīyah</marc:subfield>
  </marc:datafield>
  <marc:datafield tag="490" ind1="1" ind2=" ">
    <marc:subfield code="6">04</marc:subfield>
    <marc:subfield code="a">سلسلة الموسوعات العربية</marc:subfield>
  </marc:datafield>
  <marc:datafield tag="500" ind1=" " ind2=" ">
    <marc:subfield code="a">Imprint varies.</marc:subfield>
  </marc:datafield>
  <marc:datafield tag="500" ind1=" " ind2=" ">
    <marc:subfield code="a">Added t.p. in English.</marc:subfield>
  </marc:datafield>
  <marc:datafield tag="650" ind1=" " ind2="0">
    <marc:subfield code="a">Authors, Arab</marc:subfield>
    <marc:subfield code="v">Biography</marc:subfield>
    <marc:subfield code="v">Early works to 1800.</marc:subfield>
  </marc:datafield>
  <marc:datafield tag="700" ind1="1" ind2=" ">
    <marc:subfield code="a">Rifāʻī, Aḥmad Farīd</marc:subfield>
    <marc:subfield code="6">05</marc:subfield>
  </marc:datafield>
  <marc:datafield tag="700" ind1="1" ind2=" ">
    <marc:subfield code="6">05</marc:subfield>
    <marc:subfield code="a">رفاعي، أحمد فريد.</marc:subfield>
  </marc:datafield>
  <marc:datafield tag="830" ind1=" " ind2="0">
    <marc:subfield code="6">06</marc:subfield>
    <marc:subfield code="a">Silsilat al-mawsūʻāt al-ʻArabīyah.</marc:subfield>
  </marc:datafield>
  <marc:datafield tag="830" ind1=" " ind2="0">
    <marc:subfield code="6">06</marc:subfield>
    <marc:subfield code="a">سلسلة الموسوعات العربية</marc:subfield>
  </marc:datafield>
  <marc:datafield tag="998" ind1=" " ind2=" ">
    <marc:subfield code="a">20000203</marc:subfield>
    <marc:subfield code="d">20000203</marc:subfield>
    <marc:subfield code="d">20020820</marc:subfield>
    <marc:subfield code="n">NNU</marc:subfield>
    <marc:subfield code="s">1</marc:subfield>
    <marc:subfield code="t">c</marc:subfield>
    <marc:subfield code="z">e</marc:subfield>
  </marc:datafield>
</marc:record>
